@book{rasmussen2006gaussian,
    author = {Rasmussen, Carl E. and Williams, Christopher},
    booktitle = {Gaussian Processes for Machine Learning},
    keywords = {gaussianprocesses, gp, machinelearning},
    posted-at = {2009-02-06 10:28:12},
    priority = 2,
    publisher = {MIT Press},
    title = {{Gaussian Processes for Machine Learning}},
    year = 2006
}

@inproceedings{rasmussen2001infinite,
    author = {Carl Edward Rasmussen and Zoubin Ghahramani},
    title = {Infinite Mixtures of Gaussian Process Experts},
    booktitle = {In Advances in Neural Information Processing Systems 14},
    year = 2001,
    pages = {881--888},
    publisher = {MIT Press}
}

@inproceedings{rasmussen2002infinite,
  title={Infinite mixtures of Gaussian process experts},
  author={Rasmussen, Carl Edward and Ghahramani, Zoubin},
  booktitle={Advances in neural information processing systems 14},
  volume=2,
  pages={881--888},
  year=2002,
  organization={MIT; 1998}
}

@article{quinonero2005unifying,
  title={A unifying view of sparse approximate Gaussian process regression},
  author={Qui{\~n}onero-Candela, Joaquin and Rasmussen, Carl Edward},
  journal={The Journal of Machine Learning Research},
  volume=6,
  pages={1939--1959},
  year=2005,
  publisher={JMLR. org}
}

@article{kolda09tensordecompositions,
    author = {Tamara G. Kolda and Brett W. Bader},
    title = {Tensor Decompositions and Applications},
    journal = {SIAM Review},
    year = {2009},
    volume = {51},
    number = {3},
    pages = {455--500}
}

@article{loan2000kronecker,
    author = {Loan, C.},
    day = 1,
    journal = {Journal of Computational and Applied Mathematics},
    keywords = {kronecker\_product},
    month = nov,
    number = {1-2},
    pages = {85--100},
    posted-at = {2012-01-30 16:32:54},
    priority = 2,
    title = {{The ubiquitous Kronecker product}},
    volume = 123,
    year = 2000
}


@article{dolanMore,
    author = {Dolan, Elizabeth D. and Mor\'{e}, Jorge J.},
    day = {25},
    journal = {Mathematical Programming},
    keywords = {integer\_programming},
    month = jan,
    number = {2},
    pages = {201--213},
    posted-at = {2010-12-14 20:16:16},
    priority = {3},
    title = {{Benchmarking optimization software with performance profiles}},
    volume = {91},
    year = {2002}
}


@article{gpmltoolbox,
 author = {Rasmussen, Carl Edward and Nickisch, Hannes},
 title = {Gaussian Processes for Machine Learning (GPML) Toolbox},
 journal = {J. Mach. Learn. Res.},
 issue_date = {3/1/2010},
 volume = 11,
 month = dec,
 year = 2010,
 issn = {1532-4435},
 pages = {3011--3015},
 numpages = 5,
 acmid = 1953029,
 publisher = {JMLR.org},
}

@inproceedings{snelson06sparsegaussian,
    author = {Edward Snelson and Zoubin Ghahramani},
    title = {Sparse Gaussian processes using pseudo-inputs},
    booktitle = {Advances in Neural Information Processing Systems 18},
    year = {2005},
    pages = {1257--1264},
    publisher = {MIT press}
}


@book{armand1995structural,
  title={Structural Optimization Methodology for Rotating Disks of Aircraft Engines},
  author={Armand, S. C.},
  series={NASA technical memorandum},
  year=1995,
  publisher={National Aeronautics and Space Administration, Office of Management, Scientific and Technical Information Program}
}


@book{raymer1989aircraft,
  title={Aircraft design: a conceptual approach},
  author={Raymer, D.P. and American Institute of Aeronautics and Astronautics},
  isbn={9780930403515},
  lccn={89014912},
  series={Educ Series},
  year={1989},
  publisher={American Institute of Aeronautics and Astronautics}
}

@article{stone97polynomialsplines,
    author = {Charles J. Stone and Mark Hansen and Charles Kooperberg and Young K. Truong},
    title = {Polynomial Splines and Their Tensor Products in Extended Linear Modeling},
    journal = {Ann. Statist},
    year = {1997},
    volume = {25},
    pages = {1371--1470}
}

@book{forrester2008surrogateModelling,
  author = {Forrester, Alexander I. J. and Sobester, Andras and Keane, Andy J.},
  location = {Chichester  West Sussex  England; Hoboken  NJ},
  publisher = {J. Wiley},
  title = {Engineering Design via Surrogate Modelling - A Practical Guide},
  year = {2008}
}

@article{lappeenranta,
   author = {{Evoluationary computation pages --- the function testbed}},
   journal = {Laappeenranta University of Technology},
   title = {},
   url = {http://www.it.lut.fi/ip/evo/functions/functions.html}
}

@article{ETH,
    author = {},
    key = {System optimization --- testroblems},
    journal = {Swiss International Institute of Technology},
    title = {},
    url  = {http://www.tik.ee.ethz.ch/sop/download/supplementary/testproblems/}
}

@article{rendall2008aircraftSurface,
title = "Multi-dimensional aircraft surface pressure interpolation using radial basis functions",
author = "T.C.S. Rendall and C.B. Allen",
note = "Publisher: IMechE",
year = "2008",
volume = "222",
pages = "483 -- 495",
journal = "Proc. IMechE Part G: Aerospace Engineering",
}

@book{Montgomery2006DAE,
 author = {Montgomery, Douglas C.},
 title = {Design and Analysis of Experiments},
 year = {2006},
 isbn = {0470088109},
 publisher = {John Wiley \& Sons},
}

@article{Dietrich1997,
 author = {Dietrich, C. R. and Newsam, G. N.},
 title = {Fast and Exact Simulation of Stationary Gaussian Processes Through Circulant Embedding  of the Covariance Matrix},
 journal = {SIAM J. Sci. Comput.},
 issue_date = {July 1997},
 volume = {18},
 number = {4},
 month = jul,
 year = {1997},
 issn = {1064-8275},
 pages = {1088--1107},
 numpages = {20},
 publisher = {Society for Industrial and Applied Mathematics},
 address = {Philadelphia, PA, USA},
 keywords = {Monte Carlo simulations, geostatistics, random fields, time series},
}

@article{zimmerman1989,
  year = 1989,
  issn = {0882-8121},
  journal = {Mathematical Geology},
  volume = 21,
  number = 7,
  title = {Computationally efficient restricted maximum likelihood estimation of generalized covariance functions},
  publisher = {Kluwer Academic Publishers-Plenum Publishers},
  keywords = {restricted maximum likelihood estimation; generalized covariance functions; intrinsic random functions of orderk; structural analysis; patterned matrices},
  author = {Zimmerman, DaleL.},
  pages = {655-672},
  language = {English},
}

﻿@article{woodChan1994,
  author = {Chan, Grace and Wood, Andrew T.A.},
  title = {Algorithm AS 312: An Algorithm for Simulating Stationary Gaussian Random Fields},
  journal = {Journal of the Royal Statistical Society: Series C (Applied Statistics)},
  volume = {46},
  number = {1},
  publisher = {Blackwell Publishers Ltd.},
  issn = {1467-9876},
  pages = {171--181},
  year = {1997},
}

@article{neal1997,
  title={Monte Carlo implementation of Gaussian process models for Bayesian regression and classification},
  author={Neal, Radford M.},
  journal={arXiv preprint physics/9701026},
  year=1997
}

@article{friedman1991multivariate,
  title={Multivariate adaptive regression splines},
  author={Friedman, Jerome H},
  journal={The annals of statistics},
  pages={1--67},
  year={1991},
  publisher={JSTOR}
}

@book{de1978practical,
  title={A practical guide to splines},
  author={De Boor, Carl and De Boor, Carl and De Boor, Carl and De Boor, Carl},
  volume={27},
  year={1978},
  publisher={Springer-Verlag New York}
}

@book{horn1994topics,
  title={Topics in Matrix Analysis},
  author={Horn, R.A. and Johnson, C.R.},
  year={1994},
  publisher={Cambridge University Press}
}

@book{shiryaev2011probability,
  title={Вероятность-1: элементарная теория вероятностей, математические основания, предельные теоремы},
  author={Ширяев, А.Н.},
  year={2011},
  publisher={Изд-во МЦНМО}
}

@book{forrester2008engineering,
  title={Engineering design via surrogate modelling: a practical guide},
  author={Forrester, Alexander and Sobester, Andras and Keane, Andy},
  year={2008},
  publisher={John Wiley \& Sons}
}

@book{rasmussen2006gaussian,
    author = {Rasmussen, Carl E. and Williams, Christopher},
    booktitle = {Gaussian Processes for Machine Learning},
    keywords = {gaussianprocesses, gp, machinelearning},
    posted-at = {2009-02-06 10:28:12},
    priority = 2,
    publisher = {MIT Press},
    title = {{Gaussian Processes for Machine Learning}},
    year = 2006
}

@inproceedings{rasmussen2001infinite,
    author = {Carl Edward Rasmussen and Zoubin Ghahramani},
    title = {Infinite Mixtures of Gaussian Process Experts},
    booktitle = {In Advances in Neural Information Processing Systems 14},
    year = 2001,
    pages = {881--888},
    publisher = {MIT Press}
}

@inproceedings{rasmussen2002infinite,
  title={Infinite mixtures of Gaussian process experts},
  author={Rasmussen, Carl Edward and Ghahramani, Zoubin},
  booktitle={Advances in neural information processing systems 14},
  volume=2,
  pages={881--888},
  year=2002,
  organization={MIT; 1998}
}

@article{quinonero2005unifying,
  title={A unifying view of sparse approximate Gaussian process regression},
  author={Qui{\~n}onero-Candela, Joaquin and Rasmussen, Carl Edward},
  journal={The Journal of Machine Learning Research},
  volume=6,
  pages={1939--1959},
  year=2005,
  publisher={JMLR. org}
}

@article{kolda09tensordecompositions,
    author = {Tamara G. Kolda and Brett W. Bader},
    title = {Tensor Decompositions and Applications},
    journal = {SIAM Review},
    year = {2009},
    volume = {51},
    number = {3},
    pages = {455--500}
}

@article{loan2000kronecker,
    author = {Loan, C.},
    day = 1,
    journal = {Journal of Computational and Applied Mathematics},
    keywords = {kronecker\_product},
    month = nov,
    number = {1-2},
    pages = {85--100},
    posted-at = {2012-01-30 16:32:54},
    priority = 2,
    title = {{The ubiquitous Kronecker product}},
    volume = 123,
    year = 2000
}


@article{dolanMore,
    author = {Dolan, Elizabeth D. and Mor\'{e}, Jorge J.},
    day = {25},
    journal = {Mathematical Programming},
    keywords = {integer\_programming},
    month = jan,
    number = {2},
    pages = {201--213},
    posted-at = {2010-12-14 20:16:16},
    priority = {3},
    title = {{Benchmarking optimization software with performance profiles}},
    volume = {91},
    year = {2002}
}


@article{gpmltoolbox,
 author = {Rasmussen, Carl Edward and Nickisch, Hannes},
 title = {Gaussian Processes for Machine Learning (GPML) Toolbox},
 journal = {J. Mach. Learn. Res.},
 issue_date = {3/1/2010},
 volume = 11,
 month = dec,
 year = 2010,
 issn = {1532-4435},
 pages = {3011--3015},
 numpages = 5,
 acmid = 1953029,
 publisher = {JMLR.org},
}

@inproceedings{snelson06sparsegaussian,
    author = {Edward Snelson and Zoubin Ghahramani},
    title = {Sparse Gaussian processes using pseudo-inputs},
    booktitle = {Advances in Neural Information Processing Systems 18},
    year = {2005},
    pages = {1257--1264},
    publisher = {MIT press}
}


@book{armand1995structural,
  title={Structural Optimization Methodology for Rotating Disks of Aircraft Engines},
  author={Armand, S. C.},
  series={NASA technical memorandum},
  year=1995,
  publisher={National Aeronautics and Space Administration, Office of Management, Scientific and Technical Information Program}
}


@book{raymer1989aircraft,
  title={Aircraft design: a conceptual approach},
  author={Raymer, D.P. and American Institute of Aeronautics and Astronautics},
  lccn={89014912},
  series={Educ Series},
  year={1989},
  publisher={American Institute of Aeronautics and Astronautics}
}

@article{stone97polynomialsplines,
    author = {Charles J. Stone and Mark Hansen and Charles Kooperberg and Young K. Truong},
    title = {Polynomial Splines and Their Tensor Products in Extended Linear Modeling},
    journal = {Ann. Statist},
    year = {1997},
    volume = {25},
    pages = {1371--1470}
}

@book{forrester2008surrogateModelling,
  author = {Forrester, Alexander I. J. and Sobester, Andras and Keane, Andy J.},
  location = {Chichester  West Sussex  England; Hoboken  NJ},
  publisher = {J. Wiley},
  title = {Engineering Design via Surrogate Modelling - A Practical Guide},
  year = {2008}
}

@misc{lappeenranta,
  author = {},
  key = {Evoluationary computation pages --- the function testbed},
  journal = {Laappeenranta University of Technology},
  title = {},
  year = {},
  howpublished = {\url{http://www.it.lut.fi/ip/evo/functions/functions.html}}
}

@misc{ETH,
    author = {},
    key = {System optimization --- testroblems},
    journal = {Swiss International Institute of Technology},
    title = { },
    year = {},
    howpublished  = {\url{http://www.tik.ee.ethz.ch/sop/download/supplementary/testproblems/}}
}

@article{rendall2008aircraftSurface,
title = "Multi-dimensional aircraft surface pressure interpolation using radial basis functions",
author = "T.C.S. Rendall and C.B. Allen",
note = "Publisher: IMechE",
year = "2008",
volume = "222",
pages = "483 -- 495",
journal = "Proc. IMechE Part G: Aerospace Engineering",
}

@book{Montgomery2006DAE,
 author = {Montgomery, Douglas C.},
 title = {Design and Analysis of Experiments},
 year = {2006},
 publisher = {John Wiley \& Sons},
}

@article{Dietrich1997,
 author = {Dietrich, C. R. and Newsam, G. N.},
 title = {Fast and Exact Simulation of Stationary Gaussian Processes Through Circulant Embedding  of the Covariance Matrix},
 journal = {SIAM J. Sci. Comput.},
 issue_date = {July 1997},
 volume = {18},
 number = {4},
 month = jul,
 year = {1997},
 issn = {1064-8275},
 pages = {1088--1107},
 numpages = {20},
 publisher = {Society for Industrial and Applied Mathematics},
 address = {Philadelphia, PA, USA},
 keywords = {Monte Carlo simulations, geostatistics, random fields, time series},
}

@article{zimmerman1989,
  year = 1989,
  issn = {0882-8121},
  journal = {Mathematical Geology},
  volume = 21,
  number = 7,
  title = {Computationally efficient restricted maximum likelihood estimation of generalized covariance functions},
  publisher = {Kluwer Academic Publishers-Plenum Publishers},
  keywords = {restricted maximum likelihood estimation; generalized covariance functions; intrinsic random functions of orderk; structural analysis; patterned matrices},
  author = {Zimmerman, DaleL.},
  pages = {655-672},
  language = {English},
}

я╗┐@article{woodChan1994,
  author = {Chan, Grace and Wood, Andrew T.A.},
  title = {Algorithm AS 312: An Algorithm for Simulating Stationary Gaussian Random Fields},
  journal = {Journal of the Royal Statistical Society: Series C (Applied Statistics)},
  volume = {46},
  number = {1},
  publisher = {Blackwell Publishers Ltd.},
  issn = {1467-9876},
  pages = {171--181},
  year = {1997},
}

@article{neal1997,
  title={Monte Carlo implementation of Gaussian process models for Bayesian regression and classification},
  author={Neal, Radford M.},
  journal={arXiv preprint physics/9701026},
  year=1997
}

@article{friedman1991multivariate,
  title={Multivariate adaptive regression splines},
  author={Friedman, Jerome H},
  journal={The annals of statistics},
  pages={1--67},
  year={1991},
  publisher={JSTOR}
}

@book{de1978practical,
  title={A practical guide to splines},
  author={De Boor, Carl},
  volume={27},
  year={1978},
  publisher={Springer-Verlag New York}
}

@article{nocedal2006numerical,
  title={Numerical Optimization, Second Edition},
  author={Nocedal, Jorge and Wright, Stephen J},
  journal={Numerical optimization},
  pages={497--528},
  year={2006},
  publisher={Springer New York}
}

@inproceedings{rahimi2008random,
  title={Random features for large-scale kernel machines},
  author={Rahimi, Ali and Recht, Benjamin},
  booktitle={{Advances in Neural Information Processing Systems}},
  pages={1177--1184},
  year={2008}
}
@inproceedings{cho2009kernel,
  title={Kernel methods for deep learning},
  author={Cho, Youngmin and Saul, Lawrence K},
  booktitle={{Advances in Neural Information Processing Systems}},
  pages={342--350},
  year={2009}
}
@inproceedings{le2013fastfood,
  title={Fastfood-approximating kernel expansions in loglinear time},
  author={Le, Quoc and Sarl{\'o}s, Tam{\'a}s and Smola, Alex},
  booktitle={{Proceedings of the International Conference on Machine Learning}},
  year={2013}
}
@article{choromanski2016recycling,
  title={Recycling randomness with structure for sublinear time kernel expansions},
  author={Choromanski, Krzysztof and Sindhwani, Vikas},
  journal={arXiv preprint arXiv:1605.09049},
  year={2016}
}
@article{bochner1933monotone,
  title={Monotone funktionen, Stieltjessche integrale und harmonische analyse},
  author={Bochner, Salomon},
  journal={{Mathematische Annalen}},
  volume={108},
  number={1},
  pages={378--410},
  year={1933},
  publisher={Springer}
}
@inproceedings{yang2014quasi,
  title={{Quasi-Monte Carlo feature maps for shift-invariant kernels}},
  author={Yang, Jiyan and Sindhwani, Vikas and Avron, Haim and Mahoney, Michael},
  booktitle={{Proceedings of The 31st International Conference on Machine Learning (ICML-14)}},
  pages={485--493},
  year={2014}
}
@inproceedings{huang2014kernel,
  title={Kernel methods match deep neural networks on timit},
  author={Huang, Po-Sen and Avron, Haim and Sainath, Tara N and Sindhwani, Vikas and Ramabhadran, Bhuvana},
  booktitle={Acoustics, Speech and Signal Processing (ICASSP), 2014 IEEE International Conference on},
  pages={205--209},
  year={2014},
  organization={IEEE}
}
@article{avron2016high,
  title={High-performance kernel machines with implicit distributed optimization and randomization},
  author={Avron, Haim and Sindhwani, Vikas},
  journal={Technometrics},
  volume={58},
  number={3},
  pages={341--349},
  year={2016},
  publisher={Taylor \& Francis}
}

@article{genz1998methods,
  title={Methods for generating random orthogonal matrices},
  author={Genz, Alan},
  journal={{Monte Carlo and Quasi-Monte Carlo Methods}},
  pages={199--213},
  year={1998}
}
@article{genz1999stochastic,
  title={A stochastic algorithm for high-dimensional integrals over unbounded regions with Gaussian weight},
  author={Genz, Alan and Monahan, John},
  journal={{Journal of Computational and Applied Mathematics}},
  volume={112},
  number={1},
  pages={71--81},
  year={1999},
  publisher={Elsevier}
}
@article{genz1998stochastic,
  title={Stochastic integration rules for infinite regions},
  author={Genz, Alan and Monahan, John},
  journal={{SIAM journal on scientific computing}},
  volume={19},
  number={2},
  pages={426--439},
  year={1998},
  publisher={SIAM}
}
@inproceedings{chen2015training,
  title={Training-Efficient Feature Map for Shift-Invariant Kernels.},
  author={Chen, Xixian and Yang, Haiqin and King, Irwin and Lyu, Michael R},
  booktitle={IJCAI},
  pages={3395--3401},
  year={2015}
}
@article{choromanski2017unreasonable,
  title={The Unreasonable Effectiveness of Random Orthogonal Embeddings},
  author={Choromanski, Krzysztof and Rowland, Mark and Weller, Adrian},
  journal={arXiv preprint arXiv:1703.00864},
  year={2017}
}
@article{golub1999molecular,
  title={Molecular classification of cancer: class discovery and class prediction by gene expression monitoring},
  author={Golub, Todd R and Slonim, Donna K and Tamayo, Pablo and Huard, Christine and Gaasenbeek, Michelle and Mesirov, Jill P and Coller, Hilary and Loh, Mignon L and Downing, James R and Caligiuri, Mark A and others},
  journal={Science},
  volume={286},
  number={5439},
  pages={531--537},
  year={1999},
  publisher={American Association for the Advancement of Science}
}
@article{krizhevsky2009learning,
  title={Learning multiple layers of features from tiny images},
  author={Krizhevsky, Alex and Hinton, Geoffrey},
  year={2009},
  publisher={Technical report, University of Toronto}
}
@book{rudin2017fourier,
  title={{Fourier analysis on groups}},
  author={Rudin, Walter},
  year={2017},
  publisher={Courier Dover Publications}
}

@article{drineas2005nystrom,
  title={On the {N}ystr{\"o}m method for approximating a {G}ram matrix for improved kernel-based learning},
  author={Drineas, Petros and Mahoney, Michael W},
  journal={{Journal of Machine Learning Research}},
  volume={6},
  number={Dec},
  pages={2153--2175},
  year={2005}
}

@article{smola2000sparse,
  title={Sparse greedy matrix approximation for machine learning},
  author={Smola, Alex J and Sch{\"o}lkopf, Bernhard},
  year={2000},
  publisher={Citeseer}
}

@article{fine2001efficient,
  title={{Efficient SVM training using low-rank kernel representations}},
  author={Fine, Shai and Scheinberg, Katya},
  journal={{Journal of Machine Learning Research}},
  volume={2},
  number={Dec},
  pages={243--264},
  year={2001}
}

@inproceedings{felix2016orthogonal,
  title={{Orthogonal Random Features}},
  author={Felix, X Yu and Suresh, Ananda Theertha and Choromanski, Krzysztof M and Holtmann-Rice, Daniel N and Kumar, Sanjiv},
  booktitle={{Advances in Neural Information Processing Systems}},
  pages={1975--1983},
  year={2016}
}
@article{fang1997some,
  title={{Some methods for generating both an NT-net and the uniform distribution on a Stiefel manifold and their applications}},
  author={Fang, Kai-Tai and Li, Run-Ze},
  journal={{Computational Statistics \& Data Analysis}},
  volume={24},
  number={1},
  pages={29--46},
  year={1997},
  publisher={Elsevier}
}
@article{monahan1997spherical,
  title={Spherical-radial integration rules for Bayesian computation},
  author={Monahan, John and Genz, Alan},
  journal={{Journal of the American Statistical Association}},
  volume={92},
  number={438},
  pages={664--674},
  year={1997},
  publisher={Taylor \& Francis Group}
}
@inproceedings{williams1997computing,
  title={Computing with infinite networks},
  author={Williams, Christopher KI},
  booktitle={{Advances in Neural Information Processing Systems}},
  pages={295--301},
  year={1997}
}

@inproceedings{yang2012nystrom,
  title={{Nystr{\"o}m Method vs Random Fourier Features: A Theoretical and Empirical Comparison}},
  author={Yang, Tianbao and Li, Yu-Feng and Mahdavi, Mehrdad and Jin, Rong and Zhou, Zhi-Hua},
  booktitle={{Advances in Neural Information Processing Systems}},
  pages={476--484},
  year={2012}
}

@article{yu2015compact,
  title={Compact nonlinear maps and circulant extensions},
  author={Yu, Felix X and Kumar, Sanjiv and Rowley, Henry and Chang, Shih-Fu},
  journal={arXiv preprint arXiv:1503.03893},
  year={2015}
}

@article{baker1997integration,
  title={Integration over spheres and the divergence theorem for balls},
  author={Baker, John A},
  journal={{The American Mathematical Monthly}},
  volume={104},
  number={1},
  pages={36--47},
  year={1997},
  publisher={JSTOR}
}
@article{10.2307/2156882,
 ISSN = {00361429},
 URL = {http://www.jstor.org/stable/2156882},
 abstract = {This paper presents a method for generating pseudo-random orthogonal matrices from the Haar distribution for the group of orthogonal matrices. The random matrices are expressed as products of n - 1 Householder transformations, which can be computed in O(n<sup>2</sup>) time. The technique is used in an empirical study of two methods for estimating the condition number of a matrix.},
 author = {G. W. Stewart},
 journal = {{SIAM Journal on Numerical Analysis}},
 number = {3},
 pages = {403-409},
 publisher = {Society for Industrial and Applied Mathematics},
 title = {The Efficient Generation of Random Orthogonal Matrices with an Application to Condition Estimators},
 volume = {17},
 year = {1980}
}
@article{anderson1987generation,
  title={Generation of random orthogonal matrices},
  author={Anderson, Theodore W and Olkin, Ingram and Underhill, Les G},
  journal={{SIAM Journal on Scientific and Statistical Computing}},
  volume={8},
  number={4},
  pages={625--629},
  year={1987},
  publisher={SIAM}
}
@article{mezzadri2006generate,
  title={How to generate random matrices from the classical compact groups},
  author={Mezzadri, Francesco},
  journal={arXiv preprint math-ph/0609050},
  year={2006}
}

@book{forrester2008engineering,
  title={Engineering design via surrogate modelling: a practical guide},
  author={Forrester, Alexander and Keane, Andy and others},
  year={2008},
  publisher={John Wiley \& Sons}
}
@inproceedings{dao2017gaussian,
  title={Gaussian Quadrature for Kernel Features},
  author={Dao, Tri and De Sa, Christopher M and R{\'e}, Christopher},
  booktitle={Advances in Neural Information Processing Systems},
  pages={6109--6119},
  year={2017}
}
@article{bach2017equivalence,
  title={On the equivalence between kernel quadrature rules and random feature expansions},
  author={Bach, Francis},
  journal={Journal of Machine Learning Research},
  volume={18},
  number={21},
  pages={1--38},
  year={2017}
}
@inproceedings{bergstra2013making,
  title={Making a science of model search: Hyperparameter optimization in hundreds of dimensions for vision architectures},
  author={Bergstra, James and Yamins, Daniel and Cox, David},
  booktitle={International Conference on Machine Learning},
  pages={115--123},
  year={2013}
}
@article{owen1998latin,
  title={Latin supercube sampling for very high-dimensional simulations},
  author={Owen, Art B},
  journal={ACM Transactions on Modeling and Computer Simulation (TOMACS)},
  volume={8},
  number={1},
  pages={71--102},
  year={1998},
  publisher={ACM}
}
@article{sutherland2015error,
  title={On the error of random Fourier features},
  author={Sutherland, Dougal J and Schneider, Jeff},
  journal={arXiv preprint arXiv:1506.02785},
  year={2015}
}
@book{haykin2012cognitive,
  title={Cognitive dynamic systems: perception-action cycle, radar and radio},
  author={Haykin, Simon},
  year={2012},
  publisher={Cambridge University Press}
}


@article{ballani2015hierarchical,
  title={Hierarchical tensor approximation of output quantities of parameter-dependent PDEs},
  author={Ballani, Jonas and Grasedyck, Lars},
  journal={SIAM/ASA Journal on Uncertainty Quantification},
  volume={3},
  number={1},
  pages={852--872},
  year={2015},
  publisher={SIAM}
}

@phdthesis{tobler2012low,
  title={Low-rank tensor methods for linear systems and eigenvalue problems},
  author={Tobler, Christine},
  year={2012},
  school={ETH Zurich}
}

@article{zhang2017big,
  title={Big-data tensor recovery for high-dimensional uncertainty quantification of process variations},
  author={Zhang, Zheng and Weng, Tsui-Wei and Daniel, Luca},
  journal={IEEE Transactions on Components, Packaging and Manufacturing Technology},
  volume={7},
  number={5},
  pages={687--697},
  year={2017},
  publisher={IEEE}
}

@article{steinlechner2016riemannian,
  title={Riemannian optimization for high-dimensional tensor completion},
  author={Steinlechner, Michael},
  journal={SIAM Journal on Scientific Computing},
  volume={38},
  number={5},
  pages={S461--S484},
  year={2016},
  publisher={SIAM}
}

@inproceedings{yuan2017completion,
  title={Completion of high order tensor data with missing entries via tensor-train decomposition},
  author={Yuan, Longhao and Zhao, Qibin and Cao, Jianting},
  booktitle={International Conference on Neural Information Processing},
  pages={222--229},
  year={2017},
  organization={Springer}
}

@article{novikov2018tensor,
  title={Tensor Train decomposition on TensorFlow (T3F)},
  author={Novikov, Alexander and Izmailov, Pavel and Khrulkov, Valentin and Figurnov, Michael and Oseledets, Ivan},
  journal={arXiv preprint arXiv:1801.01928},
  year={2018}
}

@article{zhao2018high,
  title={High-dimension Tensor Completion via Gradient-based Optimization Under Tensor-train Format},
  author={Zhao, Longhao Yuan and Cao, Jianting and others},
  journal={arXiv preprint arXiv:1804.01983},
  year={2018}
}

@article{harshman1970foundations,
  title={Foundations of the PARAFAC procedure: Models and conditions for an" explanatory" multimodal factor analysis},
  author={Harshman, Richard A},
  year={1970},
  publisher={University of California at Los Angeles Los Angeles, CA}
}

@article{sorensen2012canonical,
  title={Canonical polyadic decomposition with orthogonality constraints},
  author={Sorensen, Mikael and De Lathauwer, LIEVEN and Comon, PIERRE and Icart, SYLVIE and Deneire, L},
  journal={SIAM Journal on Matrix Analysis and Applications},
  number={3},
  year={2012}
}

@article{tucker1966some,
  title={Some mathematical notes on three-mode factor analysis},
  author={Tucker, Ledyard R},
  journal={Psychometrika},
  volume={31},
  number={3},
  pages={279--311},
  year={1966},
  publisher={Springer}
}

@article{oseledets2011tensor,
  title={Tensor-train decomposition},
  author={Oseledets, Ivan V},
  journal={SIAM Journal on Scientific Computing},
  volume={33},
  number={5},
  pages={2295--2317},
  year={2011},
  publisher={SIAM}
}

@article{perez2006matrix,
  title={Matrix product state representations},
  author={Perez-Garcia, David and Verstraete, Frank and Wolf, Michael M and Cirac, J Ignacio},
  journal={arXiv preprint quant-ph/0608197},
  year={2006}
}

@article{grasedyck2013literature,
  title={A literature survey of low-rank tensor approximation techniques},
  author={Grasedyck, Lars and Kressner, Daniel and Tobler, Christine},
  journal={GAMM-Mitteilungen},
  volume={36},
  number={1},
  pages={53--78},
  year={2013},
  publisher={Wiley Online Library}
}

@article{liu2013tensor,
  title={Tensor completion for estimating missing values in visual data},
  author={Liu, Ji and Musialski, Przemyslaw and Wonka, Peter and Ye, Jieping},
  journal={IEEE transactions on pattern analysis and machine intelligence},
  volume={35},
  number={1},
  pages={208--220},
  year={2013},
  publisher={IEEE}
}

@article{liu2013efficient,
  title={An efficient matrix factorization method for tensor completion},
  author={Liu, Yuanyuan and Shang, Fanhua},
  journal={IEEE Signal Processing Letters},
  volume={20},
  number={4},
  pages={307--310},
  year={2013},
  publisher={IEEE}
}

@article{gandy2011tensor,
  title={Tensor completion and low-n-rank tensor recovery via convex optimization},
  author={Gandy, Silvia and Recht, Benjamin and Yamada, Isao},
  journal={Inverse Problems},
  volume={27},
  number={2},
  pages={025010},
  year={2011},
  publisher={IOP Publishing}
}

@article{signoretto2014learning,
  title={Learning with tensors: a framework based on convex optimization and spectral regularization},
  author={Signoretto, Marco and Dinh, Quoc Tran and De Lathauwer, Lieven and Suykens, Johan AK},
  journal={Machine Learning},
  volume={94},
  number={3},
  pages={303--351},
  year={2014},
  publisher={Springer}
}

@article{kressner2014low,
  title={Low-rank tensor completion by Riemannian optimization},
  author={Kressner, Daniel and Steinlechner, Michael and Vandereycken, Bart},
  journal={BIT Numerical Mathematics},
  volume={54},
  number={2},
  pages={447--468},
  year={2014},
  publisher={Springer}
}

@article{sobral2017matrix,
  title={Matrix and tensor completion algorithms for background model initialization: A comparative evaluation},
  author={Sobral, Andrews and Zahzah, El-hadi},
  journal={Pattern Recognition Letters},
  volume={96},
  pages={22--33},
  year={2017},
  publisher={Elsevier}
}

@incollection{rasmussen2004gaussian,
  title={Gaussian processes in machine learning},
  author={Rasmussen, Carl Edward},
  booktitle={Advanced lectures on machine learning},
  pages={63--71},
  year={2004},
  publisher={Springer}
}

@article{grasedyck2013alternating,
  title={Alternating directions fitting (ADF) of hierarchical low rank tensors},
  author={Grasedyck, Lars and Kluge, Melanie and Kr{\"a}mer, Sebastian},
  journal={Preprint},
  volume={149},
  year={2013}
}

@article{recht2010guaranteed,
  title={Guaranteed minimum-rank solutions of linear matrix equations via nuclear norm minimization},
  author={Recht, Benjamin and Fazel, Maryam and Parrilo, Pablo A},
  journal={SIAM review},
  volume={52},
  number={3},
  pages={471--501},
  year={2010},
  publisher={SIAM}
}

@article{yokota2016smooth,
  title={Smooth PARAFAC decomposition for tensor completion},
  author={Yokota, Tatsuya and Zhao, Qibin and Cichocki, Andrzej},
  journal={IEEE Transactions on Signal Processing},
  volume={64},
  number={20},
  pages={5423--5436},
  year={2016},
  publisher={IEEE}
}

@article{acar2011scalable,
  title={Scalable tensor factorizations for incomplete data},
  author={Acar, Evrim and Dunlavy, Daniel M and Kolda, Tamara G and M{\o}rup, Morten},
  journal={Chemometrics and Intelligent Laboratory Systems},
  volume={106},
  number={1},
  pages={41--56},
  year={2011},
  publisher={Elsevier}
}

@article{chen2013simultaneous,
  title={Simultaneous tensor decomposition and completion using factor priors},
  author={Chen, Yi-Lei and Hsu, Chiou-Ting Candy and Liao, Hong-Yuan Mark},
  journal={IEEE Transactions on Pattern Analysis \& Machine Intelligence},
  number={1},
  pages={1},
  year={2013},
  publisher={IEEE}
}

@article{zhao2015bayesian,
 title={Bayesian CP factorization of incomplete tensors with automatic rank determination},
  author={Zhao, Qibin and Zhang, Liqing and Cichocki, Andrzej},
  journal={IEEE transactions on pattern analysis and machine intelligence},
  volume={37},
  number={9},
  pages={1751--1763},
  year={2015},
  publisher={IEEE}
}


@article{oseledets2010tt,
  title={TT-cross approximation for multidimensional arrays},
  author={Oseledets, Ivan and Tyrtyshnikov, Eugene},
  journal={Linear Algebra and its Applications},
  volume={432},
  number={1},
  pages={70--88},
  year={2010},
  publisher={Elsevier}
}

@article{goreinov1997theory,
  title={A theory of pseudoskeleton approximations},
  author={Goreinov, Sergei A and Tyrtyshnikov, Eugene E and Zamarashkin, Nickolai L},
  journal={Linear algebra and its applications},
  volume={261},
  number={1-3},
  pages={1--21},
  year={1997},
  publisher={Elsevier}
}

@article{tyrtyshnikov2000incomplete,
  title={Incomplete cross approximation in the mosaic-skeleton method},
  author={Tyrtyshnikov, Eugene},
  journal={Computing},
  volume={64},
  number={4},
  pages={367--380},
  year={2000},
  publisher={Springer}
}

@article{grasedyck2015alternating,
  title={Alternating least squares tensor completion in the TT-format},
  author={Grasedyck, Lars and Kluge, Melanie and Kr{\"a}mer, Sebastian},
  journal={arXiv preprint arXiv:1509.00311},
  year={2015}
}

@inproceedings{belyaev2015gaussian,
  title={Gaussian process regression for structured data sets},
  author={Belyaev, Mikhail and Burnaev, Evgeny and Kapushev, Yermek},
  booktitle={International Symposium on Statistical Learning and Data Sciences},
  pages={106--115},
  year={2015},
  organization={Springer}
}

@article{belyaev2016computationally,
  title={Computationally efficient algorithm for Gaussian Process regression in case of structured samples},
  author={Belyaev, M and Burnaev, E and Kapushev, Y},
  journal={Computational Mathematics and Mathematical Physics},
  volume={56},
  number={4},
  pages={499--513},
  year={2016},
  publisher={Springer}
}

@inproceedings{munkhoeva2018quadrature,
  title={Quadrature-based features for kernel approximation},
  author={Munkhoeva, Marina and Kapushev, Yermek and Burnaev, Evgeny and Oseledets, Ivan},
  booktitle={Advances in Neural Information Processing Systems},
  pages={9147--9156},
  year={2018}
}

@article{ko2018fast,
  title={Fast and Accurate Tensor Completion with Total Variation Regularized Tensor Trains},
  author={Ko, Ching-Yun and Batselier, Kim and Yu, Wenjian and Wong, Ngai},
  journal={arXiv preprint arXiv:1804.06128},
  year={2018}
}

@article{belyaev2016gtapprox,
  title={GTApprox: Surrogate modeling for industrial design},
  author={Belyaev, Mikhail and Burnaev, Evgeny and Kapushev, Ermek and Panov, Maxim and Prikhodko, Pavel and Vetrov, Dmitry and Yarotsky, Dmitry},
  journal={Advances in Engineering Software},
  volume={102},
  pages={29--39},
  year={2016},
  publisher={Elsevier}
}

@article{burnaev2016regression,
  title={Regression on the basis of nonstationary Gaussian processes with Bayesian regularization},
  author={Burnaev, EV and Panov, ME and Zaytsev, AA},
  journal={Journal of communications technology and electronics},
  volume={61},
  number={6},
  pages={661--671},
  year={2016},
  publisher={Springer}
}

@phdthesis{duvenaud2014automatic,
  title={Automatic model construction with Gaussian processes},
  author={Duvenaud, David},
  year={2014},
  school={University of Cambridge}
}

@inproceedings{teng2020scalable,
  title={Scalable Variational Bayesian Kernel Selection for Sparse Gaussian Process Regression.},
  author={Teng, Tong and Chen, Jie and Zhang, Yehong and Low, Bryan Kian Hsiang},
  booktitle={AAAI},
  pages={5997--6004},
  year={2020}
}

@article{abdessalem2017automatic,
  title={Automatic kernel selection for gaussian processes regression with approximate bayesian computation and sequential monte carlo},
  author={Abdessalem, Anis Ben and Dervilis, Nikolaos and Wagg, David J and Worden, Keith},
  journal={Frontiers in Built Environment},
  volume={3},
  pages={52},
  year={2017},
  publisher={Frontiers}
}

@article{de2017gpflow,
  title={GPflow: A Gaussian process library using TensorFlow},
  author={De G. Matthews, Alexander G and Van Der Wilk, Mark and Nickson, Tom and Fujii, Keisuke and Boukouvalas, Alexis and Le{\'o}n-Villagr{\'a}, Pablo and Ghahramani, Zoubin and Hensman, James},
  journal={The Journal of Machine Learning Research},
  volume={18},
  number={1},
  pages={1299--1304},
  year={2017},
  publisher={JMLR. org}
}

@inproceedings{gardner2018gpytorch,
  title={Gpytorch: Blackbox matrix-matrix gaussian process inference with gpu acceleration},
  author={Gardner, Jacob and Pleiss, Geoff and Weinberger, Kilian Q and Bindel, David and Wilson, Andrew G},
  booktitle={Advances in Neural Information Processing Systems},
  pages={7576--7586},
  year={2018}
}


@article{Hyvarinen2005,
author = {Hyvärinen, Aapo},
year = {2005},
month = {01},
pages = {695-709},
title = {Estimation of Non-Normalized Statistical Models by Score Matching.},
volume = {6},
journal = {Journal of Machine Learning Research}
}

@article{Lyu2012,
  title={Interpretation and generalization of score matching},
  author={Lyu, Siwei},
  journal={arXiv preprint arXiv:1205.2629},
  year={2012}
}

@article{hyvarinen2007some,
  title={Some extensions of score matching},
  author={Hyv{\"a}rinen, Aapo},
  journal={Computational statistics \& data analysis},
  volume={51},
  number={5},
  pages={2499--2512},
  year={2007},
  publisher={Elsevier}
}

@article{Gutmann2012bregman,
  title={Bregman divergence as general framework to estimate unnormalized statistical models},
  author={Gutmann, Michael and Hirayama, Jun-ichiro},
  journal={arXiv preprint arXiv:1202.3727},
  year={2012}
}

@article{forbes2015linear,
  title={Linear estimating equations for exponential families with application to Gaussian linear concentration models},
  author={Forbes, Peter GM and Lauritzen, Steffen},
  journal={Linear Algebra and its Applications},
  volume={473},
  pages={261--283},
  year={2015},
  publisher={Elsevier}
}

@article{Lin2016,
   title={Estimation of high-dimensional graphical models using regularized score matching},
   volume={10},
   ISSN={1935-7524},
   url={http://dx.doi.org/10.1214/16-EJS1126},
   DOI={10.1214/16-ejs1126},
   number={1},
   journal={Electronic Journal of Statistics},
   publisher={Institute of Mathematical Statistics},
   author={Lin, Lina and Drton, Mathias and Shojaie, Ali},
   year={2016},
   pages={806–854}
}

@misc{Kanti2016,
    title={Score matching estimators for directional distributions},
    author={Kanti V Mardia and John T Kent and Arnab K Laha},
    year={2016},
    eprint={1604.08470},
    archivePrefix={arXiv},
    primaryClass={math.ST}
}

@misc{Shiqing2018,
    title={Graphical Models for Non-Negative Data Using Generalized Score Matching},
    author={Shiqing Yu and Mathias Drton and Ali Shojaie},
    year={2018},
    eprint={1802.06340},
    archivePrefix={arXiv},
    primaryClass={stat.ME}
}

@misc{Gretton2015,
    title={Gradient-free Hamiltonian Monte Carlo with Efficient Kernel Exponential Families},
    author={Heiko Strathmann and Dino Sejdinovic and Samuel Livingstone and Zoltan Szabo and Arthur Gretton},
    year={2015},
    eprint={1506.02564},
    archivePrefix={arXiv},
    primaryClass={stat.ML}
}

@article{canu2006kernel,
  title={Kernel methods and the exponential family},
  author={Canu, St{\'e}phane and Smola, Alex},
  journal={Neurocomputing},
  volume={69},
  number={7-9},
  pages={714--720},
  year={2006},
  publisher={Elsevier}
}

@misc{Gretton2013,
    title={Density Estimation in Infinite Dimensional Exponential Families},
    author={Bharath Sriperumbudur and Kenji Fukumizu and Arthur Gretton and Aapo Hyvärinen and Revant Kumar},
    year={2013},
    eprint={1312.3516},
    archivePrefix={arXiv},
    primaryClass={math.ST}
}

@misc{monti2018,
    title={A Unified Probabilistic Model for Learning Latent Factors and Their Connectivities from High-Dimensional Data},
    author={Ricardo Pio Monti and Aapo Hyvärinen},
    year={2018},
    eprint={1805.09567},
    archivePrefix={arXiv},
    primaryClass={stat.ML}
}

@misc{GrettonDeep,
    title={Learning deep kernels for exponential family densities},
    author={Li Wenliang and Dougal Sutherland and Heiko Strathmann and Arthur Gretton},
    year={2018},
    eprint={1811.08357},
    archivePrefix={arXiv},
    primaryClass={stat.ML}
}

@article{sutherland2017efficient,
  title={Efficient and principled score estimation with Nystr$\backslash$" om kernel exponential families},
  author={Sutherland, Dougal J and Strathmann, Heiko and Arbel, Michael and Gretton, Arthur},
  journal={arXiv preprint arXiv:1705.08360},
  year={2017}
}

@inproceedings{williams2001using,
  title={Using the Nystr{\"o}m method to speed up kernel machines},
  author={Williams, Christopher KI and Seeger, Matthias},
  booktitle={Advances in neural information processing systems},
  pages={682--688},
  year={2001}
}

@incollection{RFF,
title = {Random Features for Large-Scale Kernel Machines},
author = {Ali Rahimi and Recht, Benjamin},
booktitle = {Advances in Neural Information Processing Systems 20},
editor = {J. C. Platt and D. Koller and Y. Singer and S. T. Roweis},
pages = {1177--1184},
year = {2008},
publisher = {Curran Associates, Inc.},
url = {http://papers.nips.cc/paper/3182-random-features-for-large-scale-kernel-machines.pdf}
}

@inproceedings{Rudin1962FourierAO,
  title={Fourier Analysis on Groups},
  author={Walter Rudin},
  year={1962}
}

@misc{sutherl2015errorRFF,
    title={On the Error of Random Fourier Features},
    author={Dougal J. Sutherland and Jeff Schneider},
    year={2015},
    eprint={1506.02785},
    archivePrefix={arXiv},
    primaryClass={cs.LG}
}

@misc{avron2018random,
    title={Random Fourier Features for Kernel Ridge Regression: Approximation Bounds and Statistical Guarantees},
    author={Haim Avron and Michael Kapralov and Cameron Musco and Christopher Musco and Ameya Velingker and Amir Zandieh},
    year={2018},
    eprint={1804.09893},
    archivePrefix={arXiv},
    primaryClass={cs.LG}
}

@incollection{Youngmin,
title = {Kernel Methods for Deep Learning},
author = {Youngmin Cho and Lawrence K. Saul},
booktitle = {Advances in Neural Information Processing Systems 22},
editor = {Y. Bengio and D. Schuurmans and J. D. Lafferty and C. K. I. Williams and A. Culotta},
pages = {342--350},
year = {2009},
publisher = {Curran Associates, Inc.},
}

@incollection{Alber,
title = {An Empirical Study on The Properties of Random Bases for Kernel Methods},
author = {Alber, Maximilian and Kindermans, Pieter-Jan and Sch\"{u}tt, Kristof and M\"{u}ller, Klaus-Robert and Sha, Fei},
booktitle = {Advances in Neural Information Processing Systems 30},
editor = {I. Guyon and U. V. Luxburg and S. Bengio and H. Wallach and R. Fergus and S. Vishwanathan and R. Garnett},
pages = {2763--2774},
year = {2017},
publisher = {Curran Associates, Inc.},
}

@misc{Yitong,
    title={On the Approximation Properties of Random ReLU Features},
    author={Yitong Sun and Anna Gilbert and Ambuj Tewari},
    year={2018},
    eprint={1810.04374},
    archivePrefix={arXiv},
    primaryClass={stat.ML}
}


@inproceedings{munkhoeva2018quadrature,
  title={Quadrature-based features for kernel approximation},
  author={Munkhoeva, Marina and Kapushev, Yermek and Burnaev, Evgeny and Oseledets, Ivan},
  booktitle={Advances in Neural Information Processing Systems},
  pages={9147--9156},
  year={2018}
}
@inproceedings{yu2016orthogonal,
  title={Orthogonal random features},
  author={Yu, Felix Xinnan X and Suresh, Ananda Theertha and Choromanski, Krzysztof M and Holtmann-Rice, Daniel N and Kumar, Sanjiv},
  booktitle={Advances in Neural Information Processing Systems},
  pages={1975--1983},
  year={2016}
}

@inproceedings{choromanski2017unreasonable,
  title={The unreasonable effectiveness of structured random orthogonal embeddings},
  author={Choromanski, Krzysztof M and Rowland, Mark and Weller, Adrian},
  booktitle={Advances in Neural Information Processing Systems},
  pages={219--228},
  year={2017}
}

@misc{song2019generative,
    title={Generative Modeling by Estimating Gradients of the Data Distribution},
    author={Yang Song and Stefano Ermon},
    year={2019},
    eprint={1907.05600},
    archivePrefix={arXiv},
    primaryClass={cs.LG}
}

@incollection{NIPS2010_4060,
title = {Regularized estimation of image statistics by Score Matching},
author = {Kingma, Durk P and Yann L. Cun},
booktitle = {Advances in Neural Information Processing Systems 23},
editor = {J. D. Lafferty and C. K. I. Williams and J. Shawe-Taylor and R. S. Zemel and A. Culotta},
pages = {1126--1134},
year = {2010},
publisher = {Curran Associates, Inc.},
url = {http://papers.nips.cc/paper/4060-regularized-estimation-of-image-statistics-by-score-matching.pdf}
}

@article{Reehorst_2019,
   title={Regularization by Denoising: Clarifications and New Interpretations},
   volume={5},
   ISSN={2573-0436},
   url={http://dx.doi.org/10.1109/TCI.2018.2880326},
   DOI={10.1109/tci.2018.2880326},
   number={1},
   journal={IEEE Transactions on Computational Imaging},
   publisher={Institute of Electrical and Electronics Engineers (IEEE)},
   author={Reehorst, Edward T. and Schniter, Philip},
   year={2019},
   month={Mar},
   pages={52–67}
}


@article{Denoising,
  title={A connection between score matching and denoising autoencoders},
  author={Vincent, Pascal},
  journal={Neural computation},
  volume={23},
  number={7},
  pages={1661--1674},
  year={2011},
  publisher={MIT Press}
}


@inproceedings{dai2018kernel,
  title={Kernel exponential family estimation via doubly dual embedding},
  author={Dai, Bo and Dai, Hanjun and Gretton, Arthur and Song, Le and Schuurmans, Dale and He, Niao},
  booktitle={The 22nd International Conference on Artificial Intelligence and Statistics},
  pages={2321--2330},
  year={2019}
}

@article{Orlicz,
  title={Orlicz Random Fourier Features},
  author={Chamakh, Linda and Gobet, Emmanuel and Szab{\'o}, Zolt{\'a}n},
  journal={Journal of Machine Learning Research},
  volume={21},
  number={145},
  pages={1--37},
  year={2020}
}


@article{GANinstability,
  title={Towards principled methods for training generative adversarial networks},
  author={Arjovsky, Martin and Bottou, L{\'e}on},
  journal={arXiv preprint arXiv:1701.04862},
  year={2017}
}

@article{NoisyFGAN,
author = {Roth, Kevin and Lucchi, Aurelien and Nowozin, Sebastian and Hofmann, Thomas},
year = {2017},
month = {05},
pages = {},
title = {Stabilizing Training of Generative Adversarial Networks through Regularization}
}

@inproceedings{OperatorValuedKernels,
  title={Random fourier features for operator-valued kernels},
  author={Brault, Romain and Heinonen, Markus and Buc, Florence},
  booktitle={Asian Conference on Machine Learning},
  pages={110--125},
  year={2016}
}

@article{GeneralBochner,
  title={Refinement of operator-valued reproducing kernels},
  author={Zhang, Haizhang and Xu, Yuesheng and Zhang, Qinghui},
  journal={The Journal of Machine Learning Research},
  volume={13},
  pages={91--136},
  year={2012},
  publisher={JMLR. org}
}

@misc{GrettonGit,
    url        = {https://github.com/karlnapf/kernel_exp_family},
    howpublished = "\url{https://github.com/karlnapf/kernel_exp_family}"
}

@misc{GOF,
    url        = {https://github.com/wittawatj/kernel-gof},
    howpublished = "\url{https://github.com/wittawatj/kernel-gof}"
}

@misc{UCI,
author = "Dua, Dheeru and Graff, Casey",
year = "2017",
title = "{UCI} Machine Learning Repository",
url = "http://archive.ics.uci.edu/ml",
institution = "University of California, Irvine, School of Information and Computer Sciences" }

@book{bishop,
  added-at = {2009-06-02T09:46:22.000+0200},
  asin = {0387310738},
  author = {Bishop, Christopher M.},
  biburl = {https://www.bibsonomy.org/bibtex/2d21de30a3a67c0f9f3c96bd6eec3267a/midtiby},
  description = {Amazon.com: Pattern Recognition and Machine Learning (Information Science and Statistics): Christopher M. Bishop: Books},
  dewey = {006.4},
  ean = {9780387310732},
  edition = 1,
  interhash = {f6fec2ccd82dec0dcd63825e301662cf},
  intrahash = {d21de30a3a67c0f9f3c96bd6eec3267a},
  isbn = {0387310738},
  keywords = {algorithms machinelearning patternrecognition statistics},
  publisher = {Springer},
  timestamp = {2009-06-02T15:22:29.000+0200},
  title = {Pattern Recognition and Machine Learning (Information Science and Statistics)},
  url = {http://www.amazon.com/Pattern-Recognition-Learning-Information-Statistics/dp/0387310738%3FSubscriptionId%3D13CT5CVB80YFWJEPWS02%26tag%3Dws%26linkCode%3Dxm2%26camp%3D2025%26creative%3D165953%26creativeASIN%3D0387310738},
  year = 2007
}

@inproceedings{FSSD,
  title={A linear-time kernel goodness-of-fit test},
  author={Jitkrittum, Wittawat and Xu, Wenkai and Szab{\'o}, Zolt{\'a}n and Fukumizu, Kenji and Gretton, Arthur},
  booktitle={Advances in Neural Information Processing Systems},
  pages={262--271},
  year={2017}
}

@article{MALA,
author = {Roberts, Gareth and Rosenthal, Jeffrey},
year = {2001},
month = {11},
pages = {},
title = {Optimal Scaling for Various Metropolis-Hastings Algorithms},
volume = {16},
journal = {Statistical Science},
doi = {10.1214/ss/1015346320}
}


@inproceedings{SlicedScore,
  title={Sliced score matching: A scalable approach to density and score estimation},
  author={Song, Yang and Garg, Sahaj and Shi, Jiaxin and Ermon, Stefano},
  booktitle={Uncertainty in Artificial Intelligence},
  pages={574--584},
  year={2020},
  organization={PMLR}
}

@article{Nyström,
author = {Drineas, Petros and Mahoney, Michael},
year = {2005},
month = {12},
pages = {2153-2175},
title = {On the Nyström Method for Approximating a Gram Matrix for Improved Kernel-Based Learning},
volume = {6},
journal = {Journal of Machine Learning Research}
}


@inproceedings{Chen2016ErrorAO,
  title={Error analysis of generalized Nystr{\"o}m kernel regression},
  author={Chen, Hong and Xia, Haifeng and Huang, Heng and Cai, Weidong},
  booktitle={Advances in Neural Information Processing Systems},
  pages={2541--2549},
  year={2016}
}

@inproceedings{li2018unified,
  title={Towards a unified analysis of random Fourier features},
  author={Li, Zhu and Ton, Jean-Francois and Oglic, Dino and Sejdinovic, Dino},
  booktitle={International Conference on Machine Learning},
  pages={3905--3914},
  year={2019}
}

@inproceedings{aless2016generalization,
  title={Generalization properties of learning with random features},
  author={Rudi, Alessandro and Rosasco, Lorenzo},
  booktitle={Advances in Neural Information Processing Systems},
  pages={3215--3225},
  year={2017}
}

@article{Tropp_2015,
   title={An Introduction to Matrix Concentration Inequalities},
   volume={8},
   ISSN={1935-8245},
   url={http://dx.doi.org/10.1561/2200000048},
   DOI={10.1561/2200000048},
   number={1-2},
   journal={Foundations and Trends® in Machine Learning},
   publisher={Now Publishers},
   author={Tropp, Joel A.},
   year={2015},
   pages={1–230}
}

@inproceedings{williams2001using,
  title={Using the Nystr{\"o}m method to speed up kernel machines},
  author={Williams, Christopher KI and Seeger, Matthias},
  booktitle={Advances in neural information processing systems},
  pages={682--688},
  year={2001}
}

@misc{rossi2020sparse,
      title={Sparse Gaussian Processes Revisited: Bayesian Approaches to Inducing-Variable Approximations},
      author={Simone Rossi and Markus Heinonen and Edwin V. Bonilla and Zheyang Shen and Maurizio Filippone},
      year={2020},
      eprint={2003.03080},
      archivePrefix={arXiv},
      primaryClass={stat.ML}
}

@article{aronszajn1950theory,
  title={Theory of reproducing kernels},
  author={Aronszajn, Nachman},
  journal={Transactions of the American mathematical society},
  volume={68},
  number={3},
  pages={337--404},
  year={1950},
  publisher={JSTOR}
}

@article{burnaev2016regression,
  title={Regression on the basis of nonstationary Gaussian processes with Bayesian regularization},
  author={Burnaev, EV and Panov, ME and Zaytsev, AA},
  journal={Journal of communications technology and electronics},
  volume={61},
  number={6},
  pages={661--671},
  year={2016},
  publisher={Springer}
}

@book{barfoot2017,
  title={State Estimation for Robotics},
  author={Barfoot, Timothy D},
  year={2017},
  publisher={Cambridge University Press}
}
@inproceedings{munkhoeva2018quadrature,
  title={Quadrature-based features for kernel approximation},
  author={Munkhoeva, Marina and Kapushev, Yermek and Burnaev, Evgeny and Oseledets, Ivan},
  booktitle={Advances in Neural Information Processing Systems},
  pages={9147--9156},
  year={2018}
}

@incollection{rasmussen2004gaussian,
  title={Gaussian processes in machine learning},
  author={Rasmussen, Carl Edward},
  booktitle={Advanced lectures on machine learning},
  pages={63--71},
  year={2004},
  publisher={Springer}
}

@inproceedings{choromanski2017unreasonable,
  title={The unreasonable effectiveness of structured random orthogonal embeddings},
  author={Choromanski, Krzysztof M and Rowland, Mark and Weller, Adrian},
  booktitle={Advances in Neural Information Processing Systems},
  pages={219--228},
  year={2017}
}


@article{tong2013gaussian,
  title={Gaussian process gauss--newton for non-parametric simultaneous localization and mapping},
  author={Tong, Chi Hay and Furgale, Paul and Barfoot, Timothy D},
  journal={The International Journal of Robotics Research},
  volume={32},
  number={5},
  pages={507--525},
  year={2013},
  publisher={SAGE Publications Sage UK: London, England}
}

@book{probabilistic,
  title={Probabilistic robotics},
  author={Thrun, Sebastian and Burgard, Wolfram and Fox, Dieter},
  year={2005},
  publisher={MIT press}
}

@article{bailey2006simultaneous,
  title={Simultaneous localization and mapping (SLAM): Part II},
  author={Bailey, Tim and Durrant-Whyte, Hugh},
  journal={IEEE robotics \& automation magazine},
  volume={13},
  number={3},
  pages={108--117},
  year={2006},
  publisher={IEEE}
}
@article{durrant2006simultaneous,
  title={Simultaneous localization and mapping: part I},
  author={Durrant-Whyte, Hugh and Bailey, Tim},
  journal={IEEE robotics \& automation magazine},
  volume={13},
  number={2},
  pages={99--110},
  year={2006},
  publisher={IEEE}
}
@article{SAM,
  title={Square Root SAM: Simultaneous localization and mapping via square root information smoothing},
  author={Dellaert, Frank and Kaess, Michael},
  journal={The International Journal of Robotics Research},
  volume={25},
  number={12},
  pages={1181--1203},
  year={2006},
  publisher={Sage Publications Sage CA: Thousand Oaks, CA}
}

@article{isam,
  title={iSAM: Incremental smoothing and mapping},
  author={Kaess, Michael and Ranganathan, Ananth and Dellaert, Frank},
  journal={IEEE Transactions on Robotics},
  volume={24},
  number={6},
  pages={1365--1378},
  year={2008},
  publisher={IEEE}
}

@article{isam2,
  title={iSAM2: Incremental smoothing and mapping using the Bayes tree},
  author={Kaess, Michael and Johannsson, Hordur and Roberts, Richard and Ila, Viorela and Leonard, John J and Dellaert, Frank},
  journal={The International Journal of Robotics Research},
  volume={31},
  number={2},
  pages={216--235},
  year={2012},
  publisher={Sage Publications Sage UK: London, England}
}

@incollection{bayes,
  title={The Bayes tree: An algorithmic foundation for probabilistic robot mapping},
  author={Kaess, Michael and Ila, Viorela and Roberts, Richard and Dellaert, Frank},
  booktitle={Algorithmic Foundations of Robotics IX},
  pages={157--173},
  year={2010},
  publisher={Springer}
}

@inproceedings{barfoot,
  title={Batch Continuous-Time Trajectory Estimation as Exactly Sparse Gaussian Process Regression.},
  author={Barfoot, Tim D and Tong, Chi Hay and S{\"a}rkk{\"a}, Simo},
  booktitle={Robotics: Science and Systems},
  volume={10},
  year={2014},
  organization={Citeseer}
}

@article{barfoot2,
  title={Gaussian process gauss--newton for non-parametric simultaneous localization and mapping},
  author={Tong, Chi Hay and Furgale, Paul and Barfoot, Timothy D},
  journal={The International Journal of Robotics Research},
  volume={32},
  number={5},
  pages={507--525},
  year={2013},
  publisher={SAGE Publications Sage UK: London, England}
}

@article{best,
  title={Incremental sparse GP regression for continuous-time trajectory estimation and mapping},
  author={Yan, Xinyan and Indelman, Vadim and Boots, Byron},
  journal={Robotics and Autonomous Systems},
  volume={87},
  pages={120--132},
  year={2017},
  publisher={Elsevier}
}

@article{guivant2001optimization,
  title={Optimization of the simultaneous localization and map-building algorithm for real-time implementation},
  author={Guivant, Jose E and Nebot, Eduardo Mario},
  journal={IEEE transactions on robotics and automation},
  volume={17},
  number={3},
  pages={242--257},
  year={2001},
  publisher={IEEE}
}

@inproceedings{rahimi2008random,
  title={Random features for large-scale kernel machines},
  author={Rahimi, Ali and Recht, Benjamin},
  booktitle={Advances in neural information processing systems},
  pages={1177--1184},
  year={2008}
}

@inproceedings{rudi2017falkon,
  title={Falkon: An optimal large scale kernel method},
  author={Rudi, Alessandro and Carratino, Luigi and Rosasco, Lorenzo},
  booktitle={Advances in Neural Information Processing Systems},
  pages={3888--3898},
  year={2017}
}

@inproceedings{avron2017random,
  title={Random Fourier features for kernel ridge regression: Approximation bounds and statistical guarantees},
  author={Avron, Haim and Kapralov, Michael and Musco, Cameron and Musco, Christopher and Velingker, Ameya and Zandieh, Amir},
  booktitle={Proceedings of the 34th International Conference on Machine Learning-Volume 70},
  pages={253--262},
  year={2017},
  organization={JMLR. org}
}

@inproceedings{wang2019exact,
  title={Exact Gaussian processes on a million data points},
  author={Wang, Ke and Pleiss, Geoff and Gardner, Jacob and Tyree, Stephen and Weinberger, Kilian Q and Wilson, Andrew Gordon},
  booktitle={Advances in Neural Information Processing Systems},
  pages={14622--14632},
  year={2019}
}

@article{quinonero2005unifying,
  title={A unifying view of sparse approximate Gaussian process regression},
  author={Qui{\~n}onero-Candela, Joaquin and Rasmussen, Carl Edward},
  journal={Journal of Machine Learning Research},
  volume={6},
  number={Dec},
  pages={1939--1959},
  year={2005}
}

@article{yan2017incremental,
  title={Incremental sparse GP regression for continuous-time trajectory estimation and mapping},
  author={Yan, Xinyan and Indelman, Vadim and Boots, Byron},
  journal={Robotics and Autonomous Systems},
  volume={87},
  pages={120--132},
  year={2017},
  publisher={Elsevier}
}

@inproceedings{furgal,
  title={Continuous-time batch estimation using temporal basis functions},
  author={Furgale, Paul and Barfoot, Timothy D and Sibley, Gabe},
  booktitle={2012 IEEE International Conference on Robotics and Automation},
  pages={2088--2095},
  year={2012},
  organization={IEEE}
}
@inproceedings{br,
  title={A hybrid SLAM representation for dynamic marine environments},
  author={Bibby, Charles and Reid, Ian},
  booktitle={2010 IEEE International Conference on Robotics and Automation},
  pages={257--264},
  year={2010},
  organization={IEEE}
}
@inproceedings{fleps,
  title={Optimization based IMU camera calibration},
  author={Fleps, Michael and Mair, Elmar and Ruepp, Oliver and Suppa, Michael and Burschka, Darius},
  booktitle={2011 IEEE/RSJ International Conference on Intelligent Robots and Systems},
  pages={3297--3304},
  year={2011},
  organization={IEEE}
}

@inproceedings{anderson2013towards,
  title={Towards relative continuous-time SLAM},
  author={Anderson, Sean and Barfoot, Timothy D},
  booktitle={2013 IEEE International Conference on Robotics and Automation},
  pages={1033--1040},
  year={2013},
  organization={IEEE}
}
@inproceedings{FASTisam,
  title={iSAM: Fast incremental smoothing and mapping with efficient data association},
  author={Kaess, Michael and Ranganathan, Ananth and Dellaert, Frank},
  booktitle={Proceedings 2007 IEEE International Conference on Robotics and Automation},
  pages={1670--1677},
  year={2007},
  organization={IEEE}
}

@inproceedings{1sam,
  title={ApriISAM: real-time smoothing and mapping},
  author={Wang, Xipeng and Marcotte, Ryan and Ferrer, Gonzalo and Olson, Edwin},
  booktitle={2018 IEEE International Conference on Robotics and Automation (ICRA)},
  pages={2486--2493},
  year={2018},
  organization={IEEE}
}

@inproceedings{2sam,
  title={DDF-SAM 2.0: Consistent distributed smoothing and mapping},
  author={Cunningham, Alexander and Indelman, Vadim and Dellaert, Frank},
  booktitle={2013 IEEE international conference on robotics and automation},
  pages={5220--5227},
  year={2013},
  organization={IEEE}
}

@misc{3sam,
  title={Smoothing and Mapping of an Unmanned Aerial Vehicle Using Ultra-wideband Sensors},
  author={Str{\"o}mberg, Erik},
  year={2017}
}

@article{4sam,
  title={miniSAM: A Flexible Factor Graph Non-linear Least Squares Optimization Framework},
  author={Dong, Jing and Lv, Zhaoyang},
  journal={arXiv preprint arXiv:1909.00903},
  year={2019}
}

@inproceedings{droeschel2018efficient,
  title={Efficient continuous-time SLAM for 3D lidar-based online mapping},
  author={Droeschel, David and Behnke, Sven},
  booktitle={2018 IEEE International Conference on Robotics and Automation (ICRA)},
  pages={1--9},
  year={2018},
  organization={IEEE}
}

@misc{bde2001practical,
  title={A practical guide to splines, revised edition},
  author={De Boor, C},
  year={2001},
  publisher={New York, NY: Springer-Verlag}
}

@article{djugash2010geolocation,
  title={Geolocation with range: Robustness, efficiency and scalability},
  author={Djugash, Joseph A},
  year={2010}
}

@article{mur2017orb,
  title={Orb-slam2: An open-source slam system for monocular, stereo, and rgb-d cameras},
  author={Mur-Artal, Raul and Tard{\'o}s, Juan D},
  journal={IEEE Transactions on Robotics},
  volume={33},
  number={5},
  pages={1255--1262},
  year={2017},
  publisher={IEEE}
}


@article{burnaev2016regression,
  title={Regression on the basis of nonstationary Gaussian processes with Bayesian regularization},
  author={Burnaev, EV and Panov, ME and Zaytsev, AA},
  journal={Journal of communications technology and electronics},
  volume={61},
  number={6},
  pages={661--671},
  year={2016},
  publisher={Springer}
}

@book{barfoot2017,
  title={State Estimation for Robotics},
  author={Barfoot, Timothy D},
  year={2017},
  publisher={Cambridge University Press}
}

@inproceedings{munkhoeva2018quadrature,
  title={Quadrature-based features for kernel approximation},
  author={Munkhoeva, Marina and Kapushev, Yermek and Burnaev, Evgeny and Oseledets, Ivan},
  booktitle={Advances in Neural Information Processing Systems},
  pages={9147--9156},
  year={2018}
}

@incollection{rasmussen2004gaussian,
  title={Gaussian processes in machine learning},
  author={Rasmussen, Carl Edward},
  booktitle={Advanced lectures on machine learning},
  pages={63--71},
  year={2004},
  publisher={Springer}
}

@inproceedings{choromanski2017unreasonable,
  title={The unreasonable effectiveness of structured random orthogonal embeddings},
  author={Choromanski, Krzysztof M and Rowland, Mark and Weller, Adrian},
  booktitle={Advances in Neural Information Processing Systems},
  pages={219--228},
  year={2017}
}


@article{tong2013gaussian,
  title={Gaussian process Gauss-Newton for non-parametric simultaneous localization and mapping},
  author={Tong, Chi Hay and Furgale, Paul and Barfoot, Timothy D},
  journal={The International Journal of Robotics Research},
  volume={32},
  number={5},
  pages={507--525},
  year={2013},
  publisher={SAGE Publications Sage UK: London, England}
}

@book{probabilistic,
  title={Probabilistic robotics},
  author={Thrun, Sebastian and Burgard, Wolfram and Fox, Dieter},
  year={2005},
  publisher={MIT press}
}

@article{bailey2006simultaneous,
  title={Simultaneous localization and mapping (SLAM): Part II},
  author={Bailey, Tim and Durrant-Whyte, Hugh},
  journal={IEEE robotics \& automation magazine},
  volume={13},
  number={3},
  pages={108--117},
  year={2006},
  publisher={IEEE}
}
@article{durrant2006simultaneous,
  title={Simultaneous localization and mapping: part I},
  author={Durrant-Whyte, Hugh and Bailey, Tim},
  journal={IEEE robotics \& automation magazine},
  volume={13},
  number={2},
  pages={99--110},
  year={2006},
  publisher={IEEE}
}
@article{SAM,
  title={Square Root SAM: Simultaneous localization and mapping via square root information smoothing},
  author={Dellaert, Frank and Kaess, Michael},
  journal={The International Journal of Robotics Research},
  volume={25},
  number={12},
  pages={1181--1203},
  year={2006},
  publisher={Sage Publications Sage CA: Thousand Oaks, CA}
}

@article{isam,
  title={iSAM: Incremental smoothing and mapping},
  author={Kaess, Michael and Ranganathan, Ananth and Dellaert, Frank},
  journal={IEEE Transactions on Robotics},
  volume={24},
  number={6},
  pages={1365--1378},
  year={2008},
  publisher={IEEE}
}

@article{isam2,
  title={iSAM2: Incremental smoothing and mapping using the Bayes tree},
  author={Kaess, Michael and Johannsson, Hordur and Roberts, Richard and Ila, Viorela and Leonard, John J and Dellaert, Frank},
  journal={The International Journal of Robotics Research},
  volume={31},
  number={2},
  pages={216--235},
  year={2012},
  publisher={Sage Publications Sage UK: London, England}
}

@incollection{bayes,
  title={The Bayes tree: An algorithmic foundation for probabilistic robot mapping},
  author={Kaess, Michael and Ila, Viorela and Roberts, Richard and Dellaert, Frank},
  booktitle={Algorithmic Foundations of Robotics IX},
  pages={157--173},
  year={2010},
  publisher={Springer}
}

@inproceedings{barfoot,
  title={Batch Continuous-Time Trajectory Estimation as Exactly Sparse Gaussian Process Regression.},
  author={Barfoot, Tim D and Tong, Chi Hay and S{\"a}rkk{\"a}, Simo},
  booktitle={Robotics: Science and Systems},
  volume={10},
  year={2014},
  organization={Citeseer}
}

@article{best,
  title={Incremental sparse GP regression for continuous-time trajectory estimation and mapping},
  author={Yan, Xinyan and Indelman, Vadim and Boots, Byron},
  journal={Robotics and Autonomous Systems},
  volume={87},
  pages={120--132},
  year={2017},
  publisher={Elsevier}
}

@article{guivant2001optimization,
  title={Optimization of the simultaneous localization and map-building algorithm for real-time implementation},
  author={Guivant, Jose E and Nebot, Eduardo Mario},
  journal={IEEE transactions on robotics and automation},
  volume={17},
  number={3},
  pages={242--257},
  year={2001},
  publisher={IEEE}
}

@inproceedings{rahimi2008random,
  title={Random features for large-scale kernel machines},
  author={Rahimi, Ali and Recht, Benjamin},
  booktitle={Advances in neural information processing systems},
  pages={1177--1184},
  year={2008}
}

@inproceedings{rudi2017falkon,
  title={Falkon: An optimal large scale kernel method},
  author={Rudi, Alessandro and Carratino, Luigi and Rosasco, Lorenzo},
  booktitle={Advances in Neural Information Processing Systems},
  pages={3888--3898},
  year={2017}
}

@inproceedings{avron2017random,
  title={Random Fourier features for kernel ridge regression: Approximation bounds and statistical guarantees},
  author={Avron, Haim and Kapralov, Michael and Musco, Cameron and Musco, Christopher and Velingker, Ameya and Zandieh, Amir},
  booktitle={Proceedings of the 34th International Conference on Machine Learning-Volume 70},
  pages={253--262},
  year={2017},
  organization={JMLR. org}
}

@inproceedings{wang2019exact,
  title={Exact Gaussian processes on a million data points},
  author={Wang, Ke and Pleiss, Geoff and Gardner, Jacob and Tyree, Stephen and Weinberger, Kilian Q and Wilson, Andrew Gordon},
  booktitle={Advances in Neural Information Processing Systems},
  pages={14622--14632},
  year={2019}
}

@article{quinonero2005unifying,
  title={A unifying view of sparse approximate Gaussian process regression},
  author={Qui{\~n}onero-Candela, Joaquin and Rasmussen, Carl Edward},
  journal={Journal of Machine Learning Research},
  volume={6},
  number={Dec},
  pages={1939--1959},
  year={2005}
}

@article{yan2017incremental,
  title={Incremental sparse GP regression for continuous-time trajectory estimation and mapping},
  author={Yan, Xinyan and Indelman, Vadim and Boots, Byron},
  journal={Robotics and Autonomous Systems},
  volume={87},
  pages={120--132},
  year={2017},
  publisher={Elsevier}
}

@inproceedings{furgal,
  title={Continuous-time batch estimation using temporal basis functions},
  author={Furgale, Paul and Barfoot, Timothy D and Sibley, Gabe},
  booktitle={2012 IEEE International Conference on Robotics and Automation},
  pages={2088--2095},
  year={2012},
  organization={IEEE}
}
@inproceedings{br,
  title={A hybrid SLAM representation for dynamic marine environments},
  author={Bibby, Charles and Reid, Ian},
  booktitle={2010 IEEE International Conference on Robotics and Automation},
  pages={257--264},
  year={2010},
  organization={IEEE}
}
@inproceedings{fleps,
  title={Optimization based IMU camera calibration},
  author={Fleps, Michael and Mair, Elmar and Ruepp, Oliver and Suppa, Michael and Burschka, Darius},
  booktitle={2011 IEEE/RSJ International Conference on Intelligent Robots and Systems},
  pages={3297--3304},
  year={2011},
  organization={IEEE}
}

@inproceedings{anderson2013towards,
  title={Towards relative continuous-time SLAM},
  author={Anderson, Sean and Barfoot, Timothy D},
  booktitle={2013 IEEE International Conference on Robotics and Automation},
  pages={1033--1040},
  year={2013},
  organization={IEEE}
}
@inproceedings{FASTisam,
  title={iSAM: Fast incremental smoothing and mapping with efficient data association},
  author={Kaess, Michael and Ranganathan, Ananth and Dellaert, Frank},
  booktitle={Proceedings 2007 IEEE International Conference on Robotics and Automation},
  pages={1670--1677},
  year={2007},
  organization={IEEE}
}

@inproceedings{1sam,
  title={ApriISAM: real-time smoothing and mapping},
  author={Wang, Xipeng and Marcotte, Ryan and Ferrer, Gonzalo and Olson, Edwin},
  booktitle={2018 IEEE International Conference on Robotics and Automation (ICRA)},
  pages={2486--2493},
  year={2018},
  organization={IEEE}
}

@inproceedings{2sam,
  title={DDF-SAM 2.0: Consistent distributed smoothing and mapping},
  author={Cunningham, Alexander and Indelman, Vadim and Dellaert, Frank},
  booktitle={2013 IEEE international conference on robotics and automation},
  pages={5220--5227},
  year={2013},
  organization={IEEE}
}

@misc{3sam,
  title={Smoothing and Mapping of an Unmanned Aerial Vehicle Using Ultra-wideband Sensors},
  author={Str{\"o}mberg, Erik},
  year={2017}
}

@article{4sam,
  title={miniSAM: A Flexible Factor Graph Non-linear Least Squares Optimization Framework},
  author={Dong, Jing and Lv, Zhaoyang},
  journal={arXiv preprint arXiv:1909.00903},
  year={2019}
}

@inproceedings{droeschel2018efficient,
  title={Efficient continuous-time SLAM for 3D lidar-based online mapping},
  author={Droeschel, David and Behnke, Sven},
  booktitle={2018 IEEE International Conference on Robotics and Automation (ICRA)},
  pages={1--9},
  year={2018},
  organization={IEEE}
}

@misc{bde2001practical,
  title={A practical guide to splines, revised edition},
  author={De Boor, C},
  year={2001},
  publisher={New York, NY: Springer-Verlag}
}

@article{djugash2010geolocation,
  title={Geolocation with range: Robustness, efficiency and scalability},
  author={Djugash, Joseph A},
  year={2010}
}

@article{kitti,
  title={Vision meets robotics: The kitti dataset},
  author={Geiger, Andreas and Lenz, Philip and Stiller, Christoph and Urtasun, Raquel},
  journal={The International Journal of Robotics Research},
  volume={32},
  number={11},
  pages={1231--1237},
  year={2013},
  publisher={Sage Publications Sage UK: London, England}
}

@article{mur2017orb,
  title={Orb-slam2: An open-source slam system for monocular, stereo, and rgb-d cameras},
  author={Mur-Artal, Raul and Tard{\'o}s, Juan D},
  journal={IEEE Transactions on Robotics},
  volume={33},
  number={5},
  pages={1255--1262},
  year={2017},
  publisher={IEEE}
}

@book{multiview,
  title={Multiple view geometry in computer vision},
  author={Hartley, Richard and Zisserman, Andrew},
  year={2003},
  publisher={Cambridge university press}
}

@inproceedings{barfoot2014batch,
  title={Batch Continuous-Time Trajectory Estimation as Exactly Sparse Gaussian Process Regression.},
  author={Barfoot, Tim D and Tong, Chi Hay and S{\"a}rkk{\"a}, Simo},
  booktitle={Robotics: Science and Systems},
  volume={10},
  year={2014},
  organization={Citeseer}
}

@article{williams1996computing,
  title={Computing with infinite networks},
  author={Williams, Christopher},
  journal={Advances in neural information processing systems},
  volume={9},
  pages={295--301},
  year={1996}
}


@article{choromanski2020rethinking,
  title={Rethinking attention with performers},
  author={Choromanski, Krzysztof and Likhosherstov, Valerii and Dohan, David and Song, Xingyou and Gane, Andreea and Sarlos, Tamas and Hawkins, Peter and Davis, Jared and Mohiuddin, Afroz and Kaiser, Lukasz and others},
  journal={arXiv preprint arXiv:2009.14794},
  year={2020}
}

@article{malach2020proving,
  title={Proving the Lottery Ticket Hypothesis: Pruning is All You Need},
  author={Malach, Eran and Yehudai, Gilad and Shalev-Shwartz, Shai and Shamir, Ohad},
  journal={arXiv preprint arXiv:2002.00585},
  year={2020}
}

@article{lee2017deep,
  title={Deep neural networks as gaussian processes},
  author={Lee, Jaehoon and Bahri, Yasaman and Novak, Roman and Schoenholz, Samuel S and Pennington, Jeffrey and Sohl-Dickstein, Jascha},
  journal={arXiv preprint arXiv:1711.00165},
  year={2017}
}

@article{jacot2018neural,
  title={Neural tangent kernel: Convergence and generalization in neural networks},
  author={Jacot, Arthur and Gabriel, Franck and Hongler, Cl{\'e}ment},
  journal={Advances in neural information processing systems},
  volume={31},
  pages={8571--8580},
  year={2018}
}

@inproceedings{daniely2017sgd,
  title={SGD learns the conjugate kernel class of the network},
  author={Daniely, Amit},
  booktitle={Advances in Neural Information Processing Systems},
  pages={2422--2430},
  year={2017}
}

@inproceedings{ba2019generalization,
  title={Generalization of two-layer neural networks: An asymptotic viewpoint},
  author={Ba, Jimmy and Erdogdu, Murat and Suzuki, Taiji and Wu, Denny and Zhang, Tianzong},
  booktitle={International Conference on Learning Representations},
  year={2019}
}

@article{mei2019generalization,
  title={The generalization error of random features regression: Precise asymptotics and double descent curve},
  author={Mei, Song and Montanari, Andrea},
  journal={arXiv preprint arXiv:1908.05355},
  year={2019}
}

@article{frankle2018lottery,
  title={The lottery ticket hypothesis: Finding sparse, trainable neural networks},
  author={Frankle, Jonathan and Carbin, Michael},
  journal={arXiv preprint arXiv:1803.03635},
  year={2018}
}

@inproceedings{cutajar2016preconditioning,
  title={Preconditioning kernel matrices},
  author={Cutajar, Kurt and Osborne, Michael and Cunningham, John and Filippone, Maurizio},
  booktitle={International Conference on Machine Learning},
  pages={2529--2538},
  year={2016}
}

@inproceedings{wang2019exact,
  title={Exact Gaussian processes on a million data points},
  author={Wang, Ke and Pleiss, Geoff and Gardner, Jacob and Tyree, Stephen and Weinberger, Kilian Q and Wilson, Andrew Gordon},
  booktitle={Advances in Neural Information Processing Systems},
  pages={14648--14659},
  year={2019}
}

@inproceedings{titsias2009variational,
  title={Variational learning of inducing variables in sparse Gaussian processes},
  author={Titsias, Michalis},
  booktitle={Artificial Intelligence and Statistics},
  pages={567--574},
  year={2009}
}

@inproceedings{cutajar2017random,
  title={Random feature expansions for deep Gaussian processes},
  author={Cutajar, Kurt and Bonilla, Edwin V and Michiardi, Pietro and Filippone, Maurizio},
  booktitle={International Conference on Machine Learning},
  pages={884--893},
  year={2017},
  organization={PMLR}
}

@article{quinonero2005unifying,
  title={A unifying view of sparse approximate Gaussian process regression},
  author={Qui{\~n}onero-Candela, Joaquin and Rasmussen, Carl Edward},
  journal={Journal of Machine Learning Research},
  volume={6},
  number={Dec},
  pages={1939--1959},
  year={2005}
}

@inproceedings{damianou2013deep,
  title={Deep gaussian processes},
  author={Damianou, Andreas and Lawrence, Neil},
  booktitle={Artificial Intelligence and Statistics},
  pages={207--215},
  year={2013}
}

@article{wilson2016stochastic,
  title={Stochastic variational deep kernel learning},
  author={Wilson, Andrew G and Hu, Zhiting and Salakhutdinov, Russ R and Xing, Eric P},
  journal={Advances in Neural Information Processing Systems},
  volume={29},
  pages={2586--2594},
  year={2016}
}




@article{kolda2009tensor,
  title={Tensor decompositions and applications},
  author={Kolda, Tamara G and Bader, Brett W},
  journal={SIAM review},
  volume={51},
  number={3},
  pages={455--500},
  year={2009},
  publisher={SIAM}
}

@article{phien2016efficient,
  title={Efficient tensor completion: Low-rank tensor train},
  author={Phien, Ho N and Tuan, Hoang D and Bengua, Johann A and Do, Minh N},
  journal={arXiv preprint arXiv:1601.01083},
  year={2016}
}

@article{grasedyck2015variants,
  title={Variants of alternating least squares tensor completion in the tensor train format},
  author={Grasedyck, Lars and Kluge, Melanie and Kramer, Sebastian},
  journal={SIAM Journal on Scientific Computing},
  volume={37},
  number={5},
  pages={A2424--A2450},
  year={2015},
  publisher={SIAM}
}

@inproceedings{suzuki2015convergence,
  title={Convergence rate of Bayesian tensor estimator and its minimax optimality},
  author={Suzuki, Taiji},
  booktitle={International Conference on Machine Learning},
  pages={1273--1282},
  year={2015}
}

@article{yuan2016tensor,
  title={On tensor completion via nuclear norm minimization},
  author={Yuan, Ming and Zhang, Cun-Hui},
  journal={Foundations of Computational Mathematics},
  volume={16},
  number={4},
  pages={1031--1068},
  year={2016},
  publisher={Springer}
}

@article{hillar2013most,
  title={Most tensor problems are NP-hard},
  author={Hillar, Christopher J and Lim, Lek-Heng},
  journal={Journal of the ACM (JACM)},
  volume={60},
  number={6},
  pages={1--39},
  year={2013},
  publisher={ACM New York, NY, USA}
}

@inproceedings{barak2016noisy,
  title={Noisy tensor completion via the sum-of-squares hierarchy},
  author={Barak, Boaz and Moitra, Ankur},
  booktitle={Conference on Learning Theory},
  pages={417--445},
  year={2016}
}

@article{potechin2017exact,
  title={Exact tensor completion with sum-of-squares},
  author={Potechin, Aaron and Steurer, David},
  journal={arXiv preprint arXiv:1702.06237},
  year={2017}
}

@article{chen2017denoising,
  title={Denoising of hyperspectral images using nonconvex low rank matrix approximation},
  author={Chen, Yongyong and Guo, Yanwen and Wang, Yongli and Wang, Dong and Peng, Chong and He, Guoping},
  journal={IEEE Transactions on Geoscience and Remote Sensing},
  volume={55},
  number={9},
  pages={5366--5380},
  year={2017},
  publisher={IEEE}
}

@article{yokota2016smooth,
  title={Smooth PARAFAC decomposition for tensor completion},
  author={Yokota, Tatsuya and Zhao, Qibin and Cichocki, Andrzej},
  journal={IEEE Transactions on Signal Processing},
  volume={64},
  number={20},
  pages={5423--5436},
  year={2016},
  publisher={IEEE}
}

@article{qin2020low,
  title={Low-Rank Tensor Completion and Total Variation Minimization for Color Image Inpainting},
  author={Qin, Mengjie and Li, Zhuorong and Chen, Shengyong and Guan, Qiu and Zheng, Jianwei},
  journal={IEEE Access},
  volume={8},
  pages={53049--53061},
  year={2020},
  publisher={IEEE}
}

@inproceedings{li2017low,
  title={Low-rank tensor completion with total variation for visual data inpainting},
  author={Li, Xutao and Ye, Yunming and Xu, Xiaofei},
  booktitle={Thirty-First AAAI Conference on Artificial Intelligence},
  year={2017}
}


@inproceedings{wilson2014fast,
  title={Fast Kernel Learning for Multidimensional Pattern Extrapolation.},
  author={Wilson, Andrew Gordon and Gilboa, Elad and Cunningham, John P and Nehorai, Arye},
  booktitle={NIPS},
  pages={3626--3634},
  year={2014}
}
